%% This BibTeX bibliography file was created using BibDesk.
%% http://www.cs.ucsd.edu/~mmccrack/bibdesk.html
%% Created for Jon Breitenbucher at 2005-09-15 16:48:40 -0400 
%% Saved with string encoding UTF-8 
@article{ophs03,
	Annote = {This is a very good introduction to \LaTeX},
	Author = {Tobias Oetiker and Hurbert Partl and Irene Hyna and Elisabeth Schlegl},
	Title = {The {N}ot {S}o {S}hort {I}ntroduction to {\LaTeX2e{}}},
	Url = {http://www.ctan.org/tex-archive/info/lshort/english/lshort.pdf},
	Year = 2003}
